@inproceedings{Smith:2009,
 author = {Smith, Geoffrey},
 title = {On the Foundations of Quantitative Information Flow},
 booktitle = {Proceedings of the 12th International Conference on Foundations of Software Science and Computational Structures: Held As Part of the Joint European Conferences on Theory and Practice of Software, ETAPS 2009},
 series = {FOSSACS '09},
 year = {2009},
 isbn = {978-3-642-00595-4},
 location = {York, UK},
 pages = {288--302},
 numpages = {15},
 url = {http://dx.doi.org/10.1007/978-3-642-00596-1_21},
 doi = {10.1007/978-3-642-00596-1_21},
 acmid = {1532876},
 publisher = {Springer-Verlag},
 address = {Berlin, Heidelberg},
}

@article{Ramsey:2002,
 author = {Ramsey, Norman and Pfeffer, Avi},
 title = {Stochastic Lambda Calculus and Monads of Probability Distributions},
 journal = {SIGPLAN Not.},
 issue_date = {Jan. 2002},
 volume = {37},
 number = {1},
 month = jan,
 year = {2002},
 issn = {0362-1340},
 pages = {154--165},
 numpages = {12},
 url = {http://doi.acm.org/10.1145/565816.503288},
 doi = {10.1145/565816.503288},
 acmid = {503288},
 publisher = {ACM},
 address = {New York, NY, USA},
} 

@article{Park:2008,
 author = {Park, Sungwoo and Pfenning, Frank and Thrun, Sebastian},
 title = {A Probabilistic Language Based on Sampling Functions},
 journal = {ACM Trans. Program. Lang. Syst.},
 issue_date = {December 2008},
 volume = {31},
 number = {1},
 month = dec,
 year = {2008},
 issn = {0164-0925},
 pages = {4:1--4:46},
 articleno = {4},
 numpages = {46},
 url = {http://doi.acm.org/10.1145/1452044.1452048},
 doi = {10.1145/1452044.1452048},
 acmid = {1452048},
 publisher = {ACM},
 address = {New York, NY, USA},
 keywords = {Probabilistic language, probability distribution, robotics, sampling function},
} 

@inproceedings{Scibior:2015,
 author = {\'{S}cibior, Adam and Ghahramani, Zoubin and Gordon, Andrew D.},
 title = {Practical Probabilistic Programming with Monads},
 booktitle = {Proceedings of the 2015 ACM SIGPLAN Symposium on Haskell},
 series = {Haskell '15},
 year = {2015},
 isbn = {978-1-4503-3808-0},
 location = {Vancouver, BC, Canada},
 pages = {165--176},
 numpages = {12},
 url = {http://doi.acm.org/10.1145/2804302.2804317},
 doi = {10.1145/2804302.2804317},
 acmid = {2804317},
 publisher = {ACM},
 address = {New York, NY, USA},
 keywords = {Bayesian statistics, Haskell, Monte Carlo, monads, probabilistic programming},
}

@ARTICLE {Shan:2016,
    author  = "Chung-chieh Shan, Norman Ramsey",
    title   = "Symbolic Bayesian Inference by Lazy Partial Evaluation",
    journal = "",
    year    = "2016",
}

@phdthesis{Mansinghka:2009,
 author = {Mansinghka, Vikash Kumar},
 advisor = {Tenenbaum, Joshua B.},
 title = {Natively Probabilistic Computation},
 year = {2009},
 note = {AAI0821830},
 publisher = {Massachusetts Institute of Technology},
 address = {Cambridge, MA, USA},
} 

@inproceedings{Petcher:2015,
 author = {Petcher, Adam and Morrisett, Greg},
 title = {The Foundational Cryptography Framework},
 booktitle = {Proceedings of the 4th International Conference on Principles of Security and Trust - Volume 9036},
 year = {2015},
 isbn = {978-3-662-46665-0},
 pages = {53--72},
 numpages = {20},
 url = {http://dx.doi.org/10.1007/978-3-662-46666-7_4},
 doi = {10.1007/978-3-662-46666-7_4},
 acmid = {2976894},
 publisher = {Springer-Verlag New York, Inc.},
 address = {New York, NY, USA},
 keywords = {Coq, Cryptography, Proof Assistant, Protocol Verification},
} 

@incollection{Ng:2002,
    title = {On Discriminative vs. Generative Classifiers: A comparison of logistic regression and naive Bayes},
    author = {Andrew Y. Ng and Michael I. Jordan},
    booktitle = {Advances in Neural Information Processing Systems 14},
    editor = {T. G. Dietterich and S. Becker and Z. Ghahramani},
    pages = {841--848},
    year = {2002},
    publisher = {MIT Press},
    url = {http://papers.nips.cc/paper/2020-on-discriminative-vs-generative-classifiers-a-comparison-of-logistic-regression-and-naive-bayes.pdf}
}

@article{NarayananCRSZ16,
  author  = {Praveen Narayanan and
             Jacques Carette and
             Wren Romano and
             Chung{-}chieh Shan and
             Robert Zinkov},
  title   = {Probabilistic Inference by Program Transformation in Hakaru (System
             Description)},
  journal = {Functional and Logic Programming - 13th International Symposium, {FLOPS}
             2016, Kochi, Japan, March 4-6, 2016, Proceedings},
  pages   = {62--79},
  year    = {2016},
  url     = {http://dx.doi.org/10.1007/978-3-319-29604-3_5},
  doi     = {10.1007/978-3-319-29604-3_5},
}

@inproceedings{Bellare:2006,
 author = {Bellare, Mihir and Rogaway, Phillip},
 title = {The Security of Triple Encryption and a Framework for Code-based Game-playing Proofs},
 booktitle = {Proceedings of the 24th Annual International Conference on The Theory and Applications of Cryptographic Techniques},
 series = {EUROCRYPT'06},
 year = {2006},
 isbn = {3-540-34546-9, 978-3-540-34546-6},
 location = {St. Petersburg, Russia},
 pages = {409--426},
 numpages = {18},
 url = {http://dx.doi.org/10.1007/11761679_25},
 doi = {10.1007/11761679_25},
 acmid = {2171195},
 publisher = {Springer-Verlag},
 address = {Berlin, Heidelberg},
} 